@Article{ml,
    author          = {Thushan Ganegedara},
    translator      = {Станислав Рунов},
    title           = {Word2Vec: как работать с векторными представлениями слов},
    year            = {2018},
    origlanguage    = {english},
    language        = {russian},
    media           = {eresource},
    note            = {Режим доступа: \url{https://neurohive.io/ru/osnovy-data-science/word2vec-vektornye-predstavlenija-slov-dlja-mashinnogo-obuchenija/}},
}
@Manual{bib,
    author          = {Олег Доманов},
    title           = {Оформление библиографии по ГОСТ 7.0.5-2008},
    year            = {2020},
    language        = {russian},
}

@article{rotosolve,
  author          = {Ostaszewski, Mateusz and Grant, Edward and Benedetti, Marcello},
  journal         = {{Quantum}},
  title           = {Structure optimization for parameterized quantum circuits},
  year            = {2021},
  url             = {https://doi.org/10.22331/q-2021-01-28-391}
}
